@book{HTT,
    AUTHOR = {Lurie, Jacob},
     TITLE = {Higher topos theory},
    SERIES = {Annals of Mathematics Studies},
    VOLUME = {170},
 PUBLISHER = {Princeton University Press, Princeton, NJ},
      YEAR = {2009},
     PAGES = {xviii+925},
      ISBN = {978-0-691-14049-0; 0-691-14049-9},
   MRCLASS = {18-02 (18B25 18E35 18G30 18G55 55U40)},
  MRNUMBER = {2522659},
  MRREVIEWER = {Mark Hovey},
       DOI = {10.1515/9781400830558},
       URL = {https://doi.org/10.1515/9781400830558},
}
@unpublished{HA,
    author = {Jacob Lurie},
    title = {Higher algebra},
    year = {2017},
    month = {09},
    note = {Unpublished. Available online at \url{https://www.math.ias.edu/~lurie/}}
}
@online{kerodon,
  author       = {Jacob Lurie},
  title        = {Kerodon},
  url = {\url{https://kerodon.net}},
  year         = {2022},
}