@book{HTT,
   AUTHOR = {Lurie, Jacob},
     TITLE = {Higher topos theory},
    SERIES = {Annals of Mathematics Studies},
    VOLUME = {170},
 PUBLISHER = {Princeton University Press, Princeton, NJ},
      YEAR = {2009},
     PAGES = {xviii+925},
      ISBN = {978-0-691-14049-0; 0-691-14049-9},
   MRCLASS = {18-02 (18B25 18E35 18G30 18G55 55U40)},
  MRNUMBER = {2522659},
  MRREVIEWER = {Mark Hovey},
       DOI = {10.1515/9781400830558},
       URL = {https://doi.org/10.1515/9781400830558},
}
@unpublished{HA,
    author = {Lurie, Jacob},
    title = {Higher algebra},
    year = {2017},
    month = {09},
    note = {Unpublished. Available online at \url{https://www.math.ias.edu/~lurie/}}
}
@online{kerodon,
  author       = {Lurie, Jacob},
  title        = {Kerodon},
  url = {\url{https://kerodon.net}},
  year         = {2022},
}

@book {BoardmanVogt,
    AUTHOR = {Boardman, J. M. and Vogt, R. M.},
     TITLE = {Homotopy invariant algebraic structures on topological spaces},
    SERIES = {Lecture Notes in Mathematics, Vol. 347},
 PUBLISHER = {Springer-Verlag, Berlin-New York},
      YEAR = {1973},
     PAGES = {x+257},
   MRCLASS = {55D35},
  MRNUMBER = {0420609},
MRREVIEWER = {J. Stasheff},
}
@incollection {Joyal,
    AUTHOR = {Joyal, A.},
     TITLE = {Quasi-categories and {K}an complexes},
      NOTE = {Special volume celebrating the 70th birthday of Professor Max
              Kelly},
   JOURNAL = {J. Pure Appl. Algebra},
  FJOURNAL = {Journal of Pure and Applied Algebra},
    VOLUME = {175},
      YEAR = {2002},
    NUMBER = {1-3},
     PAGES = {207--222},
      ISSN = {0022-4049},
   MRCLASS = {55U10 (18G55)},
  MRNUMBER = {1935979},
MRREVIEWER = {Donald M. Davis},
       DOI = {10.1016/S0022-4049(02)00135-4},
       URL = {https://doi.org/10.1016/S0022-4049(02)00135-4},
}
@incollection {Groth,
    AUTHOR = {Groth, Moritz},
     TITLE = {A short course on {$\infty$}-categories},
 BOOKTITLE = {Handbook of homotopy theory},
    SERIES = {CRC Press/Chapman Hall Handb. Math. Ser.},
     PAGES = {549--617},
 PUBLISHER = {CRC Press, Boca Raton, FL},
      YEAR = {[2020] \copyright 2020},
   MRCLASS = {18Nxx (55U35 55U40)},
  MRNUMBER = {4197994},
}
@book{CatContext,
	series = {Aurora: {Dover} modern math originals},
	title = {Category theory in context},
	isbn = {978-0-486-82080-4},
	publisher = {Dover Publications},
	author = {Riehl, Emily},
	year = {2017},
}
@book {MacLane,
    AUTHOR = {MacLane, Saunders},
     TITLE = {Categories for the working mathematician},
    SERIES = {Graduate Texts in Mathematics, Vol. 5},
 PUBLISHER = {Springer-Verlag, New York-Berlin},
      YEAR = {1971},
     PAGES = {ix+262},
   MRCLASS = {18-02},
  MRNUMBER = {0354798},
MRREVIEWER = {H.-B. Brinkmann},
}
@article {Kelly,
    AUTHOR = {Kelly, G. M.},
     TITLE = {Basic concepts of enriched category theory},
      NOTE = {Reprint of the 1982 original [Cambridge Univ. Press,
              Cambridge; MR0651714]},
   JOURNAL = {Repr. Theory Appl. Categ.},
  FJOURNAL = {Reprints in Theory and Applications of Categories},
    NUMBER = {10},
      YEAR = {2005},
     PAGES = {vi+137},
   MRCLASS = {18-02 (00B60 18D10 18D20)},
  MRNUMBER = {2177301},
}
@book {CatsSheaves,
    AUTHOR = {Kashiwara, Masaki and Schapira, Pierre},
     TITLE = {Categories and sheaves},
    SERIES = {Grundlehren der mathematischen Wissenschaften [Fundamental
              Principles of Mathematical Sciences]},
    VOLUME = {332},
 PUBLISHER = {Springer-Verlag, Berlin},
      YEAR = {2006},
     PAGES = {x+497},
      ISBN = {978-3-540-27949-5; 3-540-27949-0},
   MRCLASS = {18-02 (14F05 18F20)},
  MRNUMBER = {2182076},
MRREVIEWER = {Corrado Marastoni},
       DOI = {10.1007/3-540-27950-4},
       URL = {https://doi.org/10.1007/3-540-27950-4},
}
@misc{friedman2021elementary,
      title={An elementary illustrated introduction to simplicial sets}, 
      author={Friedman, Greg},
      year={2021},
      eprint={0809.4221},
      archivePrefix={arXiv},
      primaryClass={math.AT}
}
@book {MAY,
    AUTHOR = {May, J. Peter},
     TITLE = {Simplicial objects in algebraic topology},
    SERIES = {Chicago Lectures in Mathematics},
      NOTE = {Reprint of the 1967 original},
 PUBLISHER = {University of Chicago Press, Chicago, IL},
      YEAR = {1992},
     PAGES = {viii+161},
      ISBN = {0-226-51181-2},
   MRCLASS = {55U10},
  MRNUMBER = {1206474},
MRREVIEWER = {Donald M. Davis},
}
@unpublished{Rezk,
    author = {Rezk, Charles W.},
    title = {Introduction to Quasicategories},
    year = {2022},
    month = {11},
    note = {Unpublished. Available online at \url{https://faculty.math.illinois.edu/~rezk/quasicats.pdf}}
}
@book {GoerssJardine,
    AUTHOR = {Goerss, Paul G. and Jardine, John F.},
     TITLE = {Simplicial homotopy theory},
    SERIES = {Modern Birkh\"{a}user Classics},
      NOTE = {Reprint of the 1999 edition [MR1711612]},
 PUBLISHER = {Birkh\"{a}user Verlag, Basel},
      YEAR = {2009},
     PAGES = {xvi+510},
      ISBN = {978-3-0346-0188-7},
   MRCLASS = {55U10 (18G55)},
  MRNUMBER = {2840650},
       DOI = {10.1007/978-3-0346-0189-4},
       URL = {https://doi.org/10.1007/978-3-0346-0189-4},
}